@manual{oracle2024,
  title     = {Oracle SQL Developer Data Modeler User's Guide},
  author    = {Oracle Corporation},
  year      = {2024},
  note      = {Versión 23.2},
  url       = {https://www.oracle.com/database/technologies/appdev/sql-developer/datamodeler.html},
  organization = {Oracle Corporation},
  address   = {Redwood Shores, California},
  howpublished = {Disponible en línea: \url{https://www.oracle.com/database/technologies/appdev/sql-developer/datamodeler.html}}
}

@manual{sqlserver2022,
  title     = {Microsoft SQL Server 2022 Documentation},
  author    = {Microsoft Corporation},
  year      = {2022},
  note      = {Versión SQL Server 2022},
  url       = {https://learn.microsoft.com/en-us/sql/sql-server/},
  organization = {Microsoft Corporation},
  address   = {Redmond, Washington},
  howpublished = {Disponible en línea: \url{https://learn.microsoft.com/en-us/sql/sql-server/}}
}

